<?xml version="1.0" encoding="utf-8"?>
<record xmlns="http://www.loc.gov/MARC21/slim" xmlns:xsi="http://www.w3.org/2001/XMLSchema-instance" xsi:schemaLocation="http://www.loc.gov/MARC21/slim http://www.loc.gov/standards/marcxml/schema/MARC21slim.xsd">
	<leader>     nam a22     Mi 4500</leader>
	<controlfield tag="001">4616903</controlfield>
	<controlfield tag="003">NjP</controlfield>
	<controlfield tag="006">m        d        </controlfield>
	<controlfield tag="007">cr cn |||m|||a</controlfield>
	<controlfield tag="008">201207s1911    ua      o     000 0 ara d</controlfield>
	<datafield ind1="7" ind2=" " tag="024">
		<subfield code="a">princeton_aco004657</subfield>
		<subfield code="2">local</subfield>
	</datafield>
	<datafield ind1=" " ind2=" " tag="040">
		<subfield code="a">ZYU</subfield>
		<subfield code="b">ara</subfield>
		<subfield code="c">ZYU</subfield>
	</datafield>
	<datafield ind1="1" ind2=" " tag="100">
		<subfield code="6">880-01</subfield>
		<subfield code="a">Bayḍāwī, ʻAbd Allāh ibn ʻUmar,</subfield>
		<subfield code="d">-1286?</subfield>
		<subfield code="0">http://id.loc.gov/authorities/names/n82085851</subfield>
	</datafield>
	<datafield ind1="1" ind2="3" tag="245">
		<subfield code="6">880-02</subfield>
		<subfield code="a">al-Juzʼ al-awwal[-al-rābiʻ] min al-tafsīr al-musammá Anwār al-tanzīl wa-asrār al-taʼwīl</subfield>
		<subfield code="h">[electronic resource] /</subfield>
		<subfield code="c">taʼlīf Nāṣir al-Dīn Abī Saʻīd ʻAbd Allāh ibn ʻUmar ibn Muḥammad al-Shīrāzī al-Bayḍāwī. Wa-bi-hāmishihi Ḥāshiyat Abī al-Faḍl al-Qurashī al-Ṣiddīqī al-Khaṭīb al-mashhūr bi-al-Kāzarūnī.</subfield>
	</datafield>
	<datafield ind1="1" ind2="0" tag="246">
		<subfield code="6">880-03</subfield>
		<subfield code="a">Tafsīr al-musammá Anwār al-tanzīl wa-asrār al-taʼwīl</subfield>
	</datafield>
	<datafield ind1="1" ind2="0" tag="246">
		<subfield code="6">880-04</subfield>
		<subfield code="a">Anwār al-tanzīl wa-asrār al-taʼwīl</subfield>
	</datafield>
	<datafield ind1=" " ind2=" " tag="260">
		<subfield code="6">880-05</subfield>
		<subfield code="a">Miṣr :</subfield>
		<subfield code="b">Dār al-Kutub al-ʻArabīyah al-Kubrá,</subfield>
		<subfield code="c">[19--?]</subfield>
	</datafield>
	<datafield ind1=" " ind2=" " tag="300">
		<subfield code="a">online resource (4 v. in 2)</subfield>
	</datafield>
	<datafield ind1=" " ind2=" " tag="500">
		<subfield code="a">Part of the Arabic Collections Online (ACO) project, contributed by Princeton University Libraries.</subfield>
	</datafield>
	<datafield ind1=" " ind2=" " tag="533">
		<subfield code="a">Electronic reproduction.</subfield>
		<subfield code="b">New York, N.Y. :</subfield>
		<subfield code="c">New York University,</subfield>
		<subfield code="d">2020.</subfield>
		<subfield code="5">NNU</subfield>
	</datafield>
	<datafield ind1="0" ind2="0" tag="630">
		<subfield code="a">Qurʼan</subfield>
		<subfield code="v">Commentaries.</subfield>
	</datafield>
	<datafield ind1="1" ind2="2" tag="700">
		<subfield code="6">880-06</subfield>
		<subfield code="a">Kāzarūnī, Muḥammad,</subfield>
		<subfield code="d">-1533.</subfield>
		<subfield code="t">Ḥāshiyah ʻalá Anwār al-tanzīl wa-asrār al-taʼwīl.</subfield>
	</datafield>
	<datafield ind1="2" ind2=" " tag="710">
		<subfield code="a">Princeton University.</subfield>
		<subfield code="b">Library.</subfield>
	</datafield>
	<datafield ind1="0" ind2=" " tag="730">
		<subfield code="a">Arabic Collections Online.</subfield>
	</datafield>
	<datafield ind1="0" ind2=" " tag="740">
		<subfield code="6">880-07</subfield>
		<subfield code="a">Ḥāshiyah ʻalá Anwār al-tanzīl wa-asrār al-taʼwīl.</subfield>
	</datafield>
	<datafield ind1="0" ind2="8" tag="776">
		<subfield code="i">Print version:</subfield>
		<subfield code="a">Bayḍāwī, ʻAbd Allāh ibn ʻUmar, -1286? http://id.loc.gov/authorities/names/n82085851</subfield>
		<subfield code="t">al-Juzʼ al-awwal[-al-rābiʻ] min al-tafsīr al-musammá Anwār al-tanzīl wa-asrār al-taʼwīl</subfield>
		<subfield code="w">(NjP)4616903</subfield>
	</datafield>
	<datafield ind1="4" ind2="0" tag="856">
		<subfield code="u">http://hdl.handle.net/2333.1/0vt4bk95</subfield>
	</datafield>
	<datafield ind1="4" ind2="0" tag="856">
		<subfield code="u">http://hdl.handle.net/2333.1/0vt4bk95</subfield>
	</datafield>
	<datafield ind1=" " ind2="0" tag="866">
		<subfield code="0">4854358</subfield>
		<subfield code="a">Juzʼ 1-juzʼ 4</subfield>
	</datafield>
	<datafield ind1=" " ind2="0" tag="866">
		<subfield code="0">4854358</subfield>
		<subfield code="x">DESIGNATOR: juzʼ</subfield>
	</datafield>
	<datafield ind1="1" ind2=" " tag="880">
		<subfield code="6">100-01</subfield>
		<subfield code="a">بيضاوي، عبد الله بن عمر،‎</subfield>
		<subfield code="d">-1286?</subfield>
	</datafield>
	<datafield ind1="1" ind2="2" tag="880">
		<subfield code="6">245-02</subfield>
		<subfield code="a">الجزء الاول[الرابع] من التفسير المسمى انوار التنزيل واسرار التأويل /‎</subfield>
		<subfield code="c">تأليف ناصر الدين ابي سعيد عبد الله بن عمر بن محمد الشيرازي البيضاوي. وبهامشه حاشية ابي الفضل القرشي الصديقي الخطيب المشهور بالكازروني.‎</subfield>
	</datafield>
	<datafield ind1="1" ind2="0" tag="880">
		<subfield code="6">246-03</subfield>
		<subfield code="a">تفسير المسمى انوار التنزيل واسرار التأويل‎</subfield>
	</datafield>
	<datafield ind1="1" ind2="0" tag="880">
		<subfield code="6">246-04</subfield>
		<subfield code="a">انوار التنزيل واسرار التأويل‎</subfield>
	</datafield>
	<datafield ind1=" " ind2=" " tag="880">
		<subfield code="6">260-05</subfield>
		<subfield code="a">مصر :‎</subfield>
		<subfield code="b">دار الكتب العربية الكبرى،‎</subfield>
		<subfield code="c">[19--?]</subfield>
	</datafield>
	<datafield ind1="1" ind2="2" tag="880">
		<subfield code="6">700-06</subfield>
		<subfield code="a">كازروني، محمد،‎</subfield>
		<subfield code="d">-1533.</subfield>
		<subfield code="t">حاشية على انوار التنزيل واسرار التأويل.‎</subfield>
	</datafield>
	<datafield ind1="0" ind2=" " tag="880">
		<subfield code="6">740-07</subfield>
		<subfield code="a">حاشية على انوار التنزيل واسرار التأويل.‎</subfield>
	</datafield>
	<datafield ind1=" " ind2=" " tag="902">
		<subfield code="a">jab</subfield>
		<subfield code="b">o</subfield>
		<subfield code="7">m</subfield>
		<subfield code="d">v</subfield>
		<subfield code="f">2</subfield>
		<subfield code="e">20051108</subfield>
	</datafield>
	<datafield ind1=" " ind2=" " tag="959">
		<subfield code="a">2005-11-08 11:29:27 -0500</subfield>
	</datafield>
	<datafield ind1=" " ind2=" " tag="959">
		<subfield code="a">NNU</subfield>
		<subfield code="b">WEB</subfield>
		<subfield code="c">GENI</subfield>
		<subfield code="t">0</subfield>
		<subfield code="m">Electronic access</subfield>
		<subfield code="s">01</subfield>
	</datafield>
	<datafield ind1=" " ind2=" " tag="959">
		<subfield code="a">NNU</subfield>
		<subfield code="b">WEB</subfield>
		<subfield code="c">GENI</subfield>
		<subfield code="t">0</subfield>
		<subfield code="m">Electronic access</subfield>
		<subfield code="s">01</subfield>
	</datafield>
	<datafield ind1=" " ind2=" " tag="999">
		<subfield code="i">NjP_4616903</subfield>
		<subfield code="s">princeton_aco004640:juz 1-2</subfield>
		<subfield code="s">princeton_aco004657:juz.3-4</subfield>
		<subfield code="e">(ERROR-MISC)</subfield>
		<subfield code="s">princeton_aco004640:juz 1-2</subfield>
		<subfield code="s">princeton_aco004657:juz.3-4</subfield>
	</datafield>
</record>
